<?xml version="1.0" encoding="UTF-8"?><collection xmlns="http://www.loc.gov/MARC21/slim"><record><leader>00460nam--2200133-i-4500</leader><controlfield tag="001">000005719</controlfield><controlfield tag="002">20161230</controlfield><controlfield tag="005">20161230201026</controlfield><controlfield tag="008">060222s1000------------r-----000-0-eng-d</controlfield><datafield ind1=" " ind2=" " tag="100"><subfield code="a">Beauge, R./S.A.</subfield></datafield><datafield ind1=" " ind2=" " tag="245"><subfield code="a">Utilisation des reacteurs de fontenay-aux-rose s pour les etudes de protection</subfield></datafield><datafield ind1=" " ind2=" " tag="260"><subfield code="a">Fontenay-aux-roses, Centre D Etudes Nucl.,1961 21 P.+ Figuri</subfield></datafield><datafield ind1=" " ind2=" " tag="490"><subfield code="a">Colloque Sur Les Programmes D Utilisation Des Reacteurs De Recherche</subfield></datafield><datafield ind1=" " ind2=" " tag="852"><subfield code="a">16906</subfield></datafield></record></collection>